@article{CNNinImageNet,
author = {Krizhevsky, Alex and Sutskever, Ilya and E. Hinton, Geoffrey},
year = {2012},
month = {01},
pages = {},
title = {ImageNet Classification with Deep Convolutional Neural Networks},
volume = {25},
journal = {Neural Information Processing Systems},
doi = {10.1145/3065386}
}


@article{Hinton2012Speech,
  title={Deep neural networks for acoustic modeling in speech recognition},
  author={Hinton, Li Deng, et al},
  journal={IEEE Signal Processing Magazine},
  volume={29},
  number={6},
  pages={82--97},
  year={2012},
  publisher={IEEE}
}
@article{Collobert2011NLP,
  title={Natural language processing (almost) from scratch},
  author={Collobert, Weston, Bottou},
  journal={Journal of Machine Learning Research},
  volume={12},
  pages={2493--2537},
  year={2011},
  publisher={MIT Press}
}

@article{Zhang2008DynaCAS,
  title={DynaCAS: Computational experiments and decision support for ITS},
  author={N.Zhang, Y.Wang},
  journal={Journal of Machine Learning Research},
  volume={23},
  number={6},
  pages={19--23},
  year={2008},
  publisher={IEEE}
}


@misc{Inrix2017Survei,
  title={INRIX 2017 Global Traffic Scorecard Infographic},
  author={INRIX},
  howpublished={\url{http://inrix.com/resources/inrix-2017-global-traffic-scorecard/}},
  year={2017},
  note = {diakses pada: 2019-08-14}
}

@misc{Numbeo2015Survei,
  title={Asia: Traffic Index by Country 2015 Mid-Year},
  author={NUMBEO},
  howpublished={\url{https://www.numbeo.com/traffic/rankings_by_country.jsp?title=2015-mid&region=142}},
  year={2015},
  note = {diakses pada: 2019-08-14}
}

@misc{TomTom2017Survei,
  title={The TomTom Traffic Index Full Ranking 2018},
  author={TomTom},
  howpublished={\url{https://www.tomtom.com/en_gb/traffic-index/ranking/}},
  year={2017},
  note = {diakses pada: 2019-08-14}
}

@article{Djahel2014SmartCity,
  title={A Communications-oriented Perspective on Traffic Management Systems for Smart Cities: Challenges and Innovative Approaches},
  author={Djahel, Gabriel-Miro, Murphy},
  journal={IEEE Communications Surveys and Tutorials},
  volume={17},
  pages={125-151},
  year={2014},
  publisher={IEEE}
}

@article{Yuangfang2018TrafficPrediction,
  title={When Traffic Flow Prediction and Wireless Big Data Analytics Meet},
  author={Yuangfang, Yan Zhang, Mohsen},
  journal={IEEE Network},
  volume={33},
  pages={161-167},
  year={2018},
  publisher={IEEE}
}

@article{Lei2018VehicleCounting,
  title={A video-based real-time vehicle counting system using adaptive background method},
  author={M.Lei, D.Lefloch, Madani},
  journal={IEEE International Conference on Signal Image Technology and Internet Based Systems (SITIS'08)},
  pages={523-528},
  year={2008},
  publisher={IEEE}
}

@article{Sheeraz2018VehicleDetection,
author = {Memon, Sheeraz and Bhatti, Sania and Ali, Liaquat and Muhammad B. Talpur, Mir and Memon, Mohsin},
year = {2018},
month = {09},
pages = {34-41},
title = {A Video based Vehicle Detection, Counting and Classification System},
volume = {10},
journal = {International Journal of Image, Graphics and Signal Processing},
doi = {10.5815/ijigsp.2018.09.05}
}

@inproceedings{Chaucan2019CNN,
author = {Singh Chauhan, Mayank and Singh, Arshdeep and Khemka, Mansi and Prateek, Arneish and Sen, Rijurekha},
year = {2019},
month = {01},
pages = {1-11},
title = {Embedded CNN based vehicle classification and counting in non-laned road traffic},
doi = {10.1145/3287098.3287118}
}

@article{LSTM_2,
  author={Hongxin Shao, Boon-Hee Soong},
  title={Traffic flow prediction with Long Short-Term Memory Networks (LSTMs)},
  journal={2016 IEEE Region 10 Conference (TENCON)},
  year={2016},
  pages = {2986 - 2989},
  publisher={IEEE},
  doi = {10.1109/TENCON.2016.7848593}
}

@inproceedings{LSTM_1,
author = {Xie, Zhaoqing and Liu, Qing},
year = {2018},
month = {01},
pages = {418-425},
title = {LSTM Networks for Vessel Traffic Flow Prediction in Inland Waterway},
doi = {10.1109/BigComp.2018.00068}
}

@book{DLConcept,
  title={Deep Learning},
  author={Ian Goodfellow, Yoshua Bengio and Aaron Courville},
  year={2016},
  publisher={MIT Press}
}

@book{DLwithPython,
  title={Deep Learning with Python},
  author={FrancÌ§ois Chollet},
  year={2018},
  publisher={Shelter Island, NY : Manning Publications Co.}
}

@unknown{CODL2018,
author = {T. Chang, Daniel},
year = {2018},
month = {11},
pages = {},
title = {Concept-Oriented Deep Learning: Generative Concept Representations}
}

@article{Forecast_Strategy,
author = {Ben Taieb, Souhaib and Bontempi, Gianluca and Atiya, Amir and Sorjamaa, Antti},
year = {2011},
month = {08},
pages = {},
title = {A review and comparison of strategies for multi-step ahead time series
forecasting based on the NN5 forecasting competition},
volume = {39},
journal = {Expert Systems with Applications},
doi = {10.1016/j.eswa.2012.01.039}
}

@inproceedings{Wu2017IntroductionTC,
  title={Introduction to Convolutional Neural Networks},
  author={Jianxin Wu},
  year={2017}
}

@misc{KarpathyCNN,
  author={Andrej Karpathy, Justin Johnson},
  title={Convolutional Neural Networks (CNNs / ConvNets)},
  howpublished={\url{http://cs231n.github.io/convolutional-networks/}},
  year={2017},
  note = {diakses pada: 2019-08-01}
}

@article{YoloV1,
  title={You Only Look Once: Unified, Real-Time Object Detection},
  author={Joseph Redmon and Santosh Kumar Divvala and Ross B. Girshick and Ali Farhadi},
  journal={2016 IEEE Conference on Computer Vision and Pattern Recognition (CVPR)},
  year={2015},
  pages={779-788}
}
@article{YoloV2,
  author={Joseph Redmon and Ali Farhadi},
  title={YOLO9000: Better, Faster, Stronger},
  journal={2017 IEEE Conference on Computer Vision and Pattern Recognition (CVPR)},
  year={2016},
  pages={6517-6525}
}
@article{YoloV3,
  title={YOLOv3: An Incremental Improvement},
  author={Joseph Redmon and Ali Farhadi},
  journal={ArXiv},
  year={2018},
  volume={abs/1804.02767}
}

@article{IoU,
  title={Generalized Intersection over Union: A Metric and A Loss for Bounding Box Regression},
  author={Seyed Hamid Rezatofighi and Nathan Tsoi and JunYoung Gwak and Amir Sadeghian and Ian D. Reid and Silvio Savarese},
  journal={ArXiv},
  year={2019},
  volume={abs/1902.09630}
}

@article{ResNet,
  title={Deep Residual Learning for Image Recognition},
  author={Kaiming He and Xiangyu Zhang and Shaoqing Ren and Jian Sun},
  journal={2016 IEEE Conference on Computer Vision and Pattern Recognition (CVPR)},
  year={2016},
  pages={770-778}
}

@article{TrackingKalman,
  title={Tracking Multiple Moving Objects Using Unscented Kalman Filtering Techniques},
  author={Xiao Dong Chen and Xiao Wang and Jianhua Xuan},
  journal={ArXiv},
  year={2018},
  volume={abs/1802.01235}
}

@article{Kalman,
author = {Basar, Tamer},
year = {2009},
month = {11},
pages = {167-179},
journal = {Control Theory: Twenty-Five Seminal Papers (1932-1981)},
title = {A New Approach to Linear Filtering and Prediction Problems},
doi = {10.1109/9780470544334.ch9},
publisher = {Wiley-IEEE Press}
}

@article{KNN,
author = {Cunningham, Padraig and Delany, Sarah},
year = {2007},
month = {04},
pages = {},
title = {k-Nearest neighbour classifiers},
journal = {Mult Classif Syst}
}

@inproceedings{PyTorch,
  title={Automatic differentiation in PyTorch},
  author={Adam Paszke and Sam Gross and Soumith Chintala and Gregory Chanan and Edward Yang and Zachary DeVito and Zeming Lin and Alban Desmaison and Luca Antiga and Adam Lerer},
  year={2017}
}

@misc{ZeroMQ,
  author={Pieter Hintjens},
  title={ZeroMQ - The Guide},
  howpublished={\url{http://zguide.zeromq.org/page:all}},
  year={2014},
  note = {diakses pada: 2019-08-03}
}

@misc{Dash,
  author={Dash},
  title={Dash User Guide},
  howpublished={\url{https://dash.plot.ly/}},
  year={2017},
  note = {diakses pada: 2019-08-03}
}

@misc{darknet13,
  author =   {Joseph Redmon},
  title =    {Darknet: Open Source Neural Networks in C},
  howpublished = {\url{http://pjreddie.com/darknet/}},
  year = {2013--2016},
  note ={diakses pada : 2019-03-20}
}

@misc{LabelImg,
  author={Tzutalin},
  title={LabelImg},
  howpublished={\url{https://github.com/tzutalin/labelImg}},
  year={2015},
  note = {diakses pada: 2019-04-05}
}

@article{SORT,
  title={Simple online and realtime tracking},
  author={Alex Bewley and ZongYuan Ge and Lionel Ott and Fabio Tozeto Ramos and Ben Upcroft},
  journal={2016 IEEE International Conference on Image Processing (ICIP)},
  year={2016},
  pages={3464-3468}
}
